@article{shahi2013mobile,
  title={Mobile SMS Spam Filtering for Nepali Text Using Na{\"\i}ve Bayesian and Support Vector Machine},
  author={Shahi, Tej Bahadur and Yadav, Abhimanu},
  journal={International Journal of Intelligence Science},
  volume={4},
  number={01},
  pages={24},
  year={2013},
  publisher={Scientific Research Publishing}
}
 @article{bam2014named,
  title={Named Entity Recognition for Nepali Text Using Support Vector Machines},
  author={Bam, Surya Bahadur and Shahi, Tej Bahadur},
  journal={Intelligent Information Management},
  volume={2014},
  year={2014},
  publisher={Scientific Research Publishing}
}
@article{bal2004morphological,
  title={A Morphological Analyzer and a stemmer for Nepali},
  author={Bal, Bal Krishna and Shrestha, Prajol},
  journal={PAN Localization, Working Papers},
  volume={2007},
  pages={324--31},
  year={2004}
}
@BOOK{joachims1998text,
  title={Text categorization with support vector machines: Learning with many relevant features},
  author={Joachims, Thorsten},
  year={1998},
  publisher={Springer}
}
@article{rennie2001improving,
  title={Improving multiclass text classification with the support vector machine},
  author={Rennie, Jason DM and Rifkin, Ryan},
  year={2001}
}
@article{dangol2013features,
  title={Effect of Nepali Language Features on Nepali News Classification Using Vector Space Model},
  author={Dangol, Dinesh and Timalsina, Arun K.},
  journal={IOE Graduate Conference},
  year={2013}
}
@inproceedings{baroni2014don,
  title={Don't count, predict! A systematic comparison of context-counting vs. context-predicting semantic vectors.},
  author={Baroni, Marco and Dinu, Georgiana and Kruszewski, Germ{\'a}n},
  booktitle={ACL (1)},
  pages={238--247},
  year={2014}
}
@article{bergstra2013making,
  title={Making a Science of Model Search: Hyperparameter Optimization in Hundreds of Dimensions for Vision Architectures.},
  author={Bergstra, James and Yamins, Daniel and Cox, David D},
  journal={ICML (1)},
  volume={28},
  pages={115--123},
  year={2013}
}
@article{mikolov2013distributed,
  title={Distributed representations of words and phrases and their compositionality},
  author={Mikolov, T and Dean, J},
  journal={Advances in neural information processing systems},
  year={2013}
}

@inproceedings{rehurek_lrec,
    title = {{Software Framework for Topic Modelling with Large Corpora}},
    author = {Radim {\v R}eh{\r u}{\v r}ek and Petr Sojka},
    booktitle = {{Proceedings of the LREC 2010 Workshop on New Challenges for NLP Frameworks}},
    pages = {45--50},
    year = 2010,
    month = May,
    day = 22,
    publisher = {ELRA},
    address = {Valletta, Malta},
    note={\url{http://is.muni.cz/publication/884893/en}},
    language={English}
}